<?xml version="1.0" encoding="UTF-8"?><collection xmlns="http://www.loc.gov/MARC21/slim"><record><leader>00384nam--2200121-i-4500</leader><controlfield tag="001">000018924</controlfield><controlfield tag="002">20161230</controlfield><controlfield tag="005">20161230201032</controlfield><controlfield tag="008">060222s1000------------r-----000-0-eng-d</controlfield><datafield ind1=" " ind2=" " tag="080"><subfield code="a">621.039.83</subfield></datafield><datafield ind1=" " ind2=" " tag="245"><subfield code="a">Conceptual designs for hawaiian irradiaton and quarantine demostration irradiators</subfield></datafield><datafield ind1=" " ind2=" " tag="260"><subfield code="a">Upton, New York, Brookhaven National Laboratory, F.An., 29 P.+ 7 Table</subfield></datafield><datafield ind1=" " ind2=" " tag="852"><subfield code="a">27107</subfield></datafield></record></collection>